@article{mariarizzo,
  title={Statistical Computing with R},
  author={Maria Rizzo},
  year={2008},
  publisher={Chapman & Hall/CRC}
}

@article{klein,
  title={A Joint Confidence Region for an Overall Ranking of Populations},
  author={Martin Klein and Tommy Wright and Jerzy Wieczorek},
  year={2020},
  publisher={Journal of the Royal Statistical Society}}

@article{wright,
  title={Optimal Tightening of The KWW Joint Confidence Region for a Ranking},
  author={Tommy Wright},
  year={2025},
  publisher={Elsevier}}


@article{pork,
  title={When legislators donâ€™t bring home the pork: the case of Philippine Senators},
  author={Nico Ravanilla and Allen Hicken},
  year={2023},
  publisher={Political Science Research and Methods}}